<record><leader>00000cas a2200000Ma 4500</leader><controlfield tag="001">11032480</controlfield><controlfield tag="008">840808d18211832aluwr ne      0    0eng d</controlfield><datafield ind1=" " ind2=" " tag="010"><subfield code="a">sn 84023531 </subfield></datafield><datafield ind1=" " ind2=" " tag="040"><subfield code="a">AQM</subfield><subfield code="b">eng</subfield><subfield code="c">AQM</subfield><subfield code="d">OCLCQ</subfield></datafield><datafield ind1="0" ind2=" " tag="130"><subfield code="a">Mobile commercial register (Mobile, Ala. : Weekly)</subfield></datafield><datafield ind1="1" ind2="0" tag="245"><subfield code="a">Mobile commercial register.</subfield></datafield><datafield ind1=" " ind2=" " tag="250"><subfield code="a">[Country ed.].</subfield></datafield><datafield ind1=" " ind2=" " tag="260"><subfield code="a">[Mobile, Ala. :</subfield><subfield code="b">s.n.]</subfield></datafield><datafield ind1=" " ind2=" " tag="300"><subfield code="a">v.</subfield></datafield><datafield ind1=" " ind2=" " tag="310"><subfield code="a">Weekly</subfield></datafield><datafield ind1="1" ind2=" " tag="362"><subfield code="a">Began with Dec. 10, 1821 issue; ceased in Oct. 1832?</subfield><subfield code="z">Cf. Amer. newspapers, 1821-1936.</subfield></datafield><datafield ind1=" " ind2=" " tag="500"><subfield code="a">Description on based on: Feb. 28, 1822.</subfield></datafield><datafield ind1=" " ind2=" " tag="500"><subfield code="a">Feb. 28, 1822 issue published without masthead; title from publisher's statement.</subfield></datafield><datafield ind1=" " ind2=" " tag="500"><subfield code="a">Editors: J. Townsend, &lt;1827&gt;; T. Sanford, &lt;1828-1829&gt;; P. Rea, &lt;1829&gt;.</subfield></datafield><datafield ind1=" " ind2=" " tag="500"><subfield code="a">Publishers: Battelle &amp; Townsend, 1822-1823; J. Townsend, &lt;1827&gt;; T. Sanford, &lt;1828-1830&gt;.</subfield></datafield><datafield ind1=" " ind2=" " tag="580"><subfield code="a">Also published other frequency editions.</subfield></datafield><datafield ind1=" " ind2="7" tag="655"><subfield code="a">Newspapers.</subfield><subfield code="2">rbgenr</subfield></datafield><datafield ind1="1" ind2=" " tag="700"><subfield code="a">Sanford, Thaddeus,</subfield><subfield code="d">1790-1867.</subfield></datafield><datafield ind1="1" ind2=" " tag="700"><subfield code="a">Rea, Putnam P.</subfield></datafield><datafield ind1="1" ind2=" " tag="700"><subfield code="a">Townsend, John W.</subfield></datafield><datafield ind1=" " ind2=" " tag="752"><subfield code="a">United States</subfield><subfield code="b">Alabama</subfield><subfield code="c">Mobile</subfield><subfield code="d">Mobile.</subfield></datafield><datafield ind1="1" ind2=" " tag="775"><subfield code="t">Mobile commercial register (Mobile, Ala. : 1821)</subfield><subfield code="w">(DLC)sn 84020222</subfield></datafield><datafield ind1="1" ind2=" " tag="775"><subfield code="t">Mobile commercial register for the country (Mobile, Ala. : 1830)</subfield><subfield code="w">(DLC)sn 84025762</subfield></datafield><datafield ind1="1" ind2=" " tag="775"><subfield code="t">Mobile commercial register for the country (Mobile, Ala. : 1821)</subfield></datafield><datafield ind1="1" ind2=" " tag="775"><subfield code="t">Commercial register for the country</subfield><subfield code="w">(DLC)sn 84023533</subfield></datafield><datafield ind1="0" ind2="5" tag="780"><subfield code="t">Mobile gazette and general advertiser</subfield><subfield code="g">1823</subfield></datafield><datafield ind1="0" ind2="7" tag="785"><subfield code="t">Mobile patriot (Mobile, Ala. : Weekly)</subfield></datafield><datafield ind1="0" ind2="7" tag="785"><subfield code="t">Mobile commercial register and patriot</subfield></datafield><datafield ind1="1" ind2=" " tag="029"><subfield code="a">AU@</subfield><subfield code="b">000025825013</subfield></datafield></record>